@article{umemoto2010order,
  title={Order--disorder phase boundary between ice VII and VIII obtained by first principles},
  author={Umemoto, Koichiro and Wentzcovitch, Renata M and de Gironcoli, Stefano and Baroni, Stefano},
  journal={Chemical Physics Letters},
  volume={499},
  number={4-6},
  pages={236--240},
  year={2010},
  publisher={Elsevier}
}

@article{shukla2016spin,
	title={Spin crossover in (Mg, Fe3+)(Si, Fe3+) O3 bridgmanite: Effects of disorder, iron concentration, and temperature},
	author={Shukla, Gaurav and Wentzcovitch, Renata M},
	journal={Physics of the Earth and Planetary Interiors},
	volume={260},
	pages={53--61},
	year={2016},
	publisher={Elsevier}
}

@article{qin2018ab,
	title={Ab initio study of water speciation in forsterite: Importance of the entropic effect},
	author={Qin, Tian and Wentzcovitch, Renata M and Umemoto, Koichiro and Hirschmann, Marc M and Kohlstedt, David L},
	journal={American Mineralogist},
	volume={103},
	number={5},
	pages={692--699},
	year={2018},
	publisher={Mineralogical Society of America}
}

@article{qin2018qha,
	title={qha: A Python package for quasiharmonic free energy calculation for multi-configuration systems},
	author={Qin, Tian and Zhang, Qi and Wentzcovitch, Renata M and Umemoto, Koichiro},
	journal={Computer Physics Communications},
	year={2018},
	publisher={Elsevier}
}