@article{umemoto2010order,
  title={Order--disorder phase boundary between ice VII and VIII obtained by first principles},
  author={Umemoto, Koichiro and Wentzcovitch, Renata M and de Gironcoli, Stefano and Baroni, Stefano},
  journal={Chemical Physics Letters},
  volume={499},
  number={4-6},
  pages={236--240},
  year={2010},
  publisher={Elsevier}
}

@article{shukla2016spin,
	title={Spin crossover in \ce{(Mg, Fe^3+)(Si, Fe^3+)O3} bridgmanite: Effects of disorder, iron concentration, and temperature},
	author={Shukla, Gaurav and Wentzcovitch, Renata M},
	journal={Physics of the Earth and Planetary Interiors},
	volume={260},
	pages={53--61},
	year={2016},
	publisher={Elsevier}
}

@article{qin2018ab,
	title={Ab initio study of water speciation in forsterite: Importance of the entropic effect},
	author={Qin, Tian and Wentzcovitch, Renata M and Umemoto, Koichiro and Hirschmann, Marc M and Kohlstedt, David L},
	journal={American Mineralogist},
	volume={103},
	number={5},
	pages={692--699},
	year={2018},
	publisher={Mineralogical Society of America}
}

@article{qin2018qha,
	title={qha: A Python package for quasiharmonic free energy calculation for multi-configuration systems},
	author={Qin, Tian and Zhang, Qi and Wentzcovitch, Renata M and Umemoto, Koichiro},
	journal={Computer Physics Communications},
	year={2018},
	publisher={Elsevier}
}

@article{Petretto:2018gg,
	author = {Petretto, Guido and Dwaraknath, Shyam and P C Miranda, Henrique and Winston, Donald and Giantomassi, Matteo and van Setten, Michiel J and Gonze, Xavier and Persson, Kristin A and Hautier, Geoffroy and Rignanese, Gian-Marco},
	title = {{High-throughput density-functional perturbation theory phonons for inorganic materials}},
	journal = {Scientific Data},
	year = {2018},
	volume = {5},
	pages = {180065},
	month = may
}

@article{Wu:2011ea,
	author = {Wu, Zhongqing and Wentzcovitch, Renata M},
	title = {{Quasiharmonic thermal elasticity of crystals: An analytical approach}},
	journal = {Physical Review B},
	year = {2011},
	volume = {83},
	number = {18},
	pages = {184115},
	month = may
}

@article{Cardona:2017dd,
	author = {Cardona, Juan J Valencia and Shukla, Gaurav and Wu, Zhongqing and Houser, Christine and Yuen, David A and Wentzcovitch, Renata M},
	title = {{Influence of the iron spin crossover in ferropericlase on the lower mantle geotherm}},
	journal = {Geophysical Research Letters},
	year = {2017},
	volume = {44},
	number = {10},
	pages = {4863--4871},
	month = may
}

@article {phonopy,
	Journal = {Scr. Mater.},
	Year = {2015},
	Title = {First principles phonon calculations in materials science},
	Author = {Togo, A and Tanaka, I},
	Pages = {1--5},
	Volume = {108},
	Month = {Nov}
}